<?xml version="1.0" encoding="UTF-8"?><record xmlns="http://www.loc.gov/MARC21/slim" xmlns:cinclude="http://apache.org/cocoon/include/1.0" xmlns:zs="http://www.loc.gov/zing/srw/">
  <leader>00661cz  a2200145n  4500</leader>
  <controlfield tag="001">n  87817500 </controlfield>
  <controlfield tag="003">DLC</controlfield>
  <controlfield tag="005">20160210112617.0</controlfield>
  <controlfield tag="008">870320n| azannaabn          |a ana      </controlfield>
  <datafield tag="010" ind1=" " ind2=" ">
    <subfield code="a">n  87817500 </subfield>
  </datafield>
  <datafield tag="035" ind1=" " ind2=" ">
    <subfield code="a">(OCoLC)oca01814414</subfield>
  </datafield>
  <datafield tag="040" ind1=" " ind2=" ">
    <subfield code="a">DLC</subfield>
    <subfield code="b">eng</subfield>
    <subfield code="e">rda</subfield>
    <subfield code="c">DLC</subfield>
    <subfield code="d">DLC</subfield>
    <subfield code="d">OCoLC</subfield>
    <subfield code="d">DLC</subfield>
  </datafield>
  <datafield tag="110" ind1="1" ind2=" ">
    <subfield code="a">New York (N.Y.).</subfield>
    <subfield code="b">Bureau of Audit and Control</subfield>
  </datafield>
  <datafield tag="410" ind1="1" ind2=" ">
    <subfield code="a">New York (N.Y.).</subfield>
    <subfield code="b">Office of the Comptroller.</subfield>
    <subfield code="b">Bureau of Audit and Control</subfield>
  </datafield>
  <datafield tag="670" ind1=" " ind2=" ">
    <subfield code="a">nuc87-23799: Its Report on the failure of hospitals to take action ... [MI] 1978</subfield>
    <subfield code="b">(hdg. on NN rept.: New York (City). Bureau of Audit and Control; usage: Office of the Comptroller, City of New York, Bureau of Audit and Control)</subfield>
  </datafield>
</record>